@article{clevert2015fast,
	title={Fast and accurate deep network learning by exponential linear units (elus)},
	author={Clevert, Djork-Arn{\'e} and Unterthiner, Thomas and Hochreiter, Sepp},
	journal={arXiv preprint arXiv:1511.07289},
	year={2015}
}

@article{tieleman2012lecture,
	title={Lecture 6.5-rmsprop: Divide the gradient by a running average of its recent magnitude},
	author={Tieleman, Tijmen and Hinton, Geoffrey},
	journal={COURSERA: Neural networks for machine learning},
	volume={4},
	number={2},
	pages={26--31},
	year={2012}
}

@article{srivastava2014dropout,
	title={Dropout: a simple way to prevent neural networks from overfitting.},
	author={Srivastava, Nitish and Hinton, Geoffrey E and Krizhevsky, Alex and Sutskever, Ilya and Salakhutdinov, Ruslan},
	journal={Journal of machine learning research},
	volume={15},
	number={1},
	pages={1929--1958},
	year={2014}
}
 
